@article{goodman1961,
author = {Leo A. Goodman},
title = {{Snowball Sampling}},
volume = {32},
journal = {The Annals of Mathematical Statistics},
number = {1},
publisher = {Institute of Mathematical Statistics},
pages = {148--170},
year = {1961},
URL = {https://doi.org/10.1214/aoms/1177705148}
}

@article{deaux-callaghan1985,
author = {Edward Deaux and John W. Callaghan},
title ={Key Informant Versus Self-Report Estimates of Health-Risk Behavior},
journal = {Evaluation Review},
volume = {9},
number = {3},
pages = {365--368},
year = {1985},
URL = {https://doi.org/10.1177/0193841X8500900308}
}

@article{watters-biernacki1989,
 URL = {http://www.jstor.org/stable/800824},
 author = {John K. Watters and Patrick Biernacki},
 journal = {Social Problems},
 number = {4},
 pages = {416--430},
 publisher = {Oxford University Press, Society for the Study of Social Problems},
 title = {Targeted Sampling: Options for the Study of Hidden Populations},
 volume = {36},
 year = {1989}
}

@article{heckathorn1997,
 author = {Douglas D. Heckathorn}, 
 URL = {http://www.jstor.org/stable/3096941},
 journal = {Social Problems},
 number = {2},
 pages = {174--199},
 publisher = {[Oxford University Press, Society for the Study of Social Problems]},
 title = {Respondent-Driven Sampling: A New Approach to the Study of Hidden Populations},
 volume = {44},
 year = {1997}
}

@article{crawford2016,
author = {Forrest W. Crawford},
title ={The Graphical Structure of Respondent-driven Sampling},
journal = {Sociological Methodology},
volume = {46},
number = {1},
pages = {187-211},
year = {2016},
URL = {https://doi.org/10.1177/0081175016641713}
}