@article{goodman1961,
Author = {Leo A. Goodman},
Title = {{Snowball Sampling}},
volume = {32},
journal = {{The Annals of Mathematical Statistics}},
number = {1},
publisher = {Institute of Mathematical Statistics},
pages = {148--170},
Year = {1961},
URL = {https://doi.org/10.1214/aoms/1177705148}
}

@article{versi1992gold,
  title={" Gold standard" is an appropriate term.},
  author={Versi, E},
  journal={BMJ: British Medical Journal},
  volume={305},
  number={6846},
  pages={187},
  year={1992},
  publisher={BMJ Publishing Group}
}

@book{lindley1972bayesian,
  title={Bayesian statistics: A review},
  author={Lindley, Dennis Victor},
  year={1972},
  publisher={SIAM}
}

@article{gelman2020bayesian,
  title={Bayesian analysis of tests with unknown specificity and sensitivity},
  author={Gelman, Andrew and Carpenter, Bob},
  journal={Journal of the Royal Statistical Society: Series C (Applied Statistics)},
  volume={69},
  number={5},
  pages={1269--1283},
  year={2020},
  publisher={Wiley Online Library}
}

@book{hoff2009first,
  title={A first course in Bayesian statistical methods},
  author={Hoff, Peter D},
  volume={580},
  year={2009},
  publisher={Springer}
}

@article{deaux-callaghan1985,
Author = {Edward Deaux and John W. Callaghan},
Title ={Key Informant Versus Self-Report Estimates of Health-Risk Behavior},
journal = {Evaluation Review},
volume = {9},
number = {3},
pages = {365--368},
Year = {1985},
URL = {https://doi.org/10.1177/0193841X8500900308}
}

@article{watters-biernacki1989,
 URL = {http://www.jstor.org/stable/800824},
 Author = {John K. Watters and Patrick Biernacki},
 journal = {Social Problems},
 number = {4},
 pages = {416--430},
 publisher = {Oxford University Press, Society for the Study of Social Problems},
 Title = {Targeted Sampling: Options for the Study of Hidden Populations},
 volume = {36},
 Year = {1989}
}

@article{heckathorn1997,
 Author = {Douglas D. Heckathorn}, 
 URL = {http://www.jstor.org/stable/3096941},
 journal = {Social Problems},
 number = {2},
 pages = {174--199},
 publisher = {[Oxford University Press, Society for the Study of Social Problems]},
 Title = {Respondent-Driven Sampling: A New Approach to the Study of Hidden Populations},
 volume = {44},
 Year = {1997}
}

@article{crawford2016,
Author = {Forrest W. Crawford},
Title ={The Graphical Structure of Respondent-driven Sampling},
journal = {Sociological Methodology},
volume = {46},
number = {1},
pages = {187-211},
Year = {2016},
URL = {https://doi.org/10.1177/0081175016641713}
}

@article{reitsma2005bivariate,
  Title={Bivariate analysis of sensitivity and specificity produces informative summary measures in diagnostic reviews},
  Author={Reitsma, Johannes B and Glas, Afina S and Rutjes, Anne WS and Scholten, Rob JPM and Bossuyt, Patrick M and Zwinderman, Aeilko H},
  journal={Journal of Clinical Epidemiology},
  volume={58},
  number={10},
  pages={982--990},
  Year={2005},
  publisher={Elsevier}
}

@article{heckathorn2002,
  Title={Respondent-driven sampling II: deriving valid population estimates from chain-referral samples of hidden populations},
  Author={Douglas D. Heckathorn},
  journal={Social problems},
  volume={49},
  number={1},
  pages={11--34},
  Year={2002},
  publisher={Oxford University Press}
}

@book{schervish2012theory,
  title={Theory of statistics},
  author={Schervish, Mark J},
  year={2012},
  publisher={Springer Science \& Business Media}
}

@article{volz2008probability,
  Title={Probability based estimation theory for respondent driven sampling},
  Author={Volz, Erik and Heckathorn, Douglas D.},
  journal={Journal of Official Statistics},
  volume={24},
  number={1},
  pages={79},
  Year={2008},
  publisher={Statistics Sweden (SCB)}
}

@misc{bastos2012binary,
      Title={Binary regression analysis with network structure of respondent-driven sampling data}, 
      Author={Leonardo S. Bastos and Adriana A. Pinho and Claudia Codeço and Francisco I. Bastos},
      Year={2012},
      eprint={1206.5681},
      archivePrefix={arXiv},
      primaryClass={stat.AP}
}

@article{rue2009approximate,
  title={Approximate Bayesian inference for latent Gaussian models by using integrated nested Laplace approximations},
  author={Rue, H{\aa}vard and Martino, Sara and Chopin, Nicolas},
  journal={Journal of the Royal Statistical Society: Series B (statistical methodology)},
  volume={71},
  number={2},
  pages={319--392},
  year={2009},
  publisher={Wiley Online Library}
}

@article{crawford2018hidden,
  title={Hidden population size estimation from respondent-driven sampling: a network approach},
  author={Crawford, Forrest W and Wu, Jiacheng and Heimer, Robert},
  journal={Journal of the American Statistical Association},
  volume={113},
  number={522},
  pages={755--766},
  year={2018},
  publisher={Taylor \& Francis}
}

@phdthesis{albuquerque2009avaliaccao,
  title={Avalia{\c{c}}{\~{a}}o da t{\'{e}}cnica de amostragem respondent-driven sampling na estima{\c{c}}{\~{a}}o de preval{\^{e}}ncias de doen{\c{c}}as transmiss{\'{i}}veis em popula{\c{c}}{\~{o}}es organizadas em redes complexas},
  author={Albuquerque, Elizabeth Maciel de and others},
  year={2009},
  school={ENSP}
}

@book{Robert2007,
  title={The {B}ayesian choice: from decision-theoretic foundations to computational implementation},
  author={Robert, Christian},
  year={2007},
  publisher={Springer Science \& Business Media}
}

@article{mcinturff2004modelling,
  title={Modelling risk when binary outcomes are subject to error},
  author={McInturff, Pat and Johnson, Wesley O and Cowling, David and Gardner, Ian A},
  journal={Statistics in medicine},
  volume={23},
  number={7},
  pages={1095--1109},
  year={2004},
  publisher={Wiley Online Library}
}

@article{bennett2020estimating,
  author={Bennett, Stephen T and Steyvers, Mark},
  journal={MedRxiv},
  title={Estimating COVID-19 antibody seroprevalence in Santa Clara County, California. A re-analysis of Bendavid et al.},
  year={2020},
  publisher={Cold Spring Harbor Laboratory Press}
}

@article{olkin2015constructions,
  title={Constructions for a bivariate beta distribution},
  author={Olkin, Ingram and Trikalinos, Thomas A},
  journal={Statistics \& Probability Letters},
  volume={96},
  pages={54--60},
  year={2015},
  publisher={Elsevier}
}

@article{noordzij2010measures,
  title={Measures of disease frequency: prevalence and incidence},
  author={Noordzij, Marlies and Dekker, Friedo W and Zoccali, Carmine and Jager, Kitty J},
  journal={Nephron Clinical Practice},
  volume={115},
  number={1},
  pages={c17--c20},
  year={2010},
  publisher={Karger Publishers}
}

@book{rothman2008modern,
  title={Modern epidemiology},
  author={Rothman, Kenneth J and Greenland, Sander and Lash, Timothy L and others},
  volume={3},
  year={2008},
  publisher={Wolters Kluwer Health/Lippincott Williams \& Wilkins Philadelphia}
}

@article{lin2016dirichlet,
  title={On the dirichlet distribution},
  author={Lin, Jiayu},
  journal={Mater's Report},
  year={2016},
  publisher={Queen's University Kingston Ontario, Canada}
}

@article{brook1964distinction,
  title={On the distinction between the conditional probability and the joint probability approaches in the specification of nearest-neighbour systems},
  author={Brook, D},
  journal={Biometrika},
  volume={51},
  number={3/4},
  pages={481--483},
  year={1964},
  publisher={JSTOR}
}

@article{vsimundic2009measures,
  title={Measures of diagnostic accuracy: basic definitions},
  author={{\v{S}}imundi{\'c}, Ana-Maria},
  journal={Ejifcc},
  volume={19},
  number={4},
  pages={203},
  year={2009},
  publisher={International Federation of Clinical Chemistry and Laboratory Medicine}
}

@inbook{bastos2021modelling,
  author         = {Leonardo S. Bastos and Luiz M. Carvalho and Marcelo F.C. Gomes},
  editor         = {},
  pages          = {113-139},
  publisher      = {CRC Press},
  booktitle      = {Building a Platform for Data-Driven Pandemic Prediction},
  bookauthor     = {Gamerman, Dani and Prates, Marcos O and Paiva, Thais and Mayrink, Vinicius D},
  title          = {Modelling misreported data},
  year           = {2021},
  chapter        = {7},
  address        = {Boca Raton}
}

@article{rogan1978estimating,
  title={Estimating prevalence from the results of a screening test},
  author={Rogan, Walter J and Gladen, Beth},
  journal={American journal of epidemiology},
  volume={107},
  number={1},
  pages={71--76},
  year={1978},
  publisher={Oxford University Press}
}

@article{branscum2005estimation,
  title={Estimation of diagnostic-test sensitivity and specificity through Bayesian modeling},
  author={Branscum, AJ and Gardner, IA and Johnson, WO},
  journal={Preventive veterinary medicine},
  volume={68},
  number={2-4},
  pages={145--163},
  year={2005},
  publisher={Elsevier}
}

@article{gile2018methods,
  title={Methods for inference from respondent-driven sampling data},
  author={Gile, Krista J and Beaudry, Isabelle S and Handcock, Mark S and Ott, Miles Q},
  journal={Annual Review of Statistics and Its Application},
  volume={5},
  pages={65--93},
  year={2018},
  publisher={Annual Reviews}
}

@phdthesis{mota2012respondent,
address={Fortaleza},
author={Mota, Rosa Maria Salani},
school={Universidade Federal do Ceará. Faculdade de Medicina},
title={Respondent driven sampling (RDS) aplicado {\`a} popula{\c{c}}{\~a}o de homens que fazem sexo com homens no Brasil},
year={2012}}

@article{bastos2018hiv,
  title={HIV, HCV, HBV, and syphilis among transgender women from Brazil: assessing different methods to adjust infection rates of a hard-to-reach, sparse population},
  author={Bastos, Francisco I and Bastos, Leonardo Soares and Coutinho, Carolina and Toledo, Lidiane and Mota, Jurema Corr{\^e}a and Velasco-de-Castro, Carlos Augusto and Sperandei, Sandro and Brignol, Sandra and Travassos, Tamiris Severino and Dos Santos, Camila Mattos and others},
  journal={Medicine},
  volume={97},
  number={1 Suppl},
  year={2018},
  publisher={Wolters Kluwer Health}
}

@article{damacena2019application,
  title={Application of the Respondent-Driven Sampling methodology in a biological and behavioral surveillance survey among female sex workers, Brazil, 2016},
  author={Damacena, Giseli Nogueira and Szwarcwald, C{\'e}lia Landmann and Souza, Paulo Roberto Borges de and Ferreira, Orlando da Costa and Almeida, Wanessa da Silva de and Pascom, Ana Roberta Pati and Pimenta, Maria Cristina},
  journal={Revista Brasileira de Epidemiologia},
  volume={22},
  year={2019},
  publisher={SciELO Brasil}
}

@article{salganik2004sampling,
  title={Sampling and estimation in hidden populations using respondent-driven sampling},
  author={Salganik, Matthew J and Heckathorn, Douglas D},
  journal={Sociological methodology},
  volume={34},
  number={1},
  pages={193--240},
  year={2004},
  publisher={Wiley Online Library}
}

@techreport{world2013introduction,
  title={Introduction to HIV/AIDS and sexually transmitted infection surveillance: Module 4: Introduction to respondent-driven sampling},
  author={{World Health Organization}},
  institute = {Regional Office for the Eastern Mediterranean},
  year={2013},
  url = {https://apps.who.int/iris/handle/10665/116864},
  pages = {389 p. ; 30 cm.}
}

@article{salganik2011assessing,
  title={Assessing network scale-up estimates for groups most at risk of HIV/AIDS: evidence from a multiple-method study of heavy drug users in Curitiba, Brazil},
  author={Salganik, Matthew J and Fazito, Dimitri and Bertoni, Neilane and Abdo, Alexandre H and Mello, Maeve B and Bastos, Francisco I},
  journal={American journal of epidemiology},
  volume={174},
  number={10},
  pages={1190--1196},
  year={2011},
  publisher={Oxford University Press}
}

@article{gile2010respondent,
  title={Respondent-driven sampling: An assessment of current methodology},
  author={Gile, Krista J and Handcock, Mark S},
  journal={Sociological methodology},
  volume={40},
  number={1},
  pages={285--327},
  year={2010},
  publisher={Sage Publications Sage CA: Los Angeles, CA}
}

@phdthesis{avery2021statistical,
  author      = {Avery, Lisa},
  address     = {Toronto, Ontario},
  school      = {York University},
  title       = {Statistical Methods for Studies Using Respondent Driven Sampling with Applications to Urban Indigenous Health},
  year        = {2020}
}

@article{gile2015network,
  title={Network model-assisted inference from respondent-driven sampling data},
  author={Gile, Krista J and Handcock, Mark S},
  journal={Journal of the Royal Statistical Society. Series A,(Statistics in Society)},
  volume={178},
  number={3},
  pages={619},
  year={2015},
  publisher={NIH Public Access}
}

@article{goel2009respondent,
  title={Respondent-driven sampling as Markov chain Monte Carlo},
  author={Goel, Sharad and Salganik, Matthew J},
  journal={Statistics in medicine},
  volume={28},
  number={17},
  pages={2202--2229},
  year={2009},
  publisher={Wiley Online Library}
}

@article{toledo2011putting,
  title={Putting respondent-driven sampling on the map: insights from Rio de Janeiro, Brazil},
  author={Toledo, Lidiane and Code{\c{c}}o, Cl{\'a}udia T and Bertoni, Neilane and Albuquerque, Elizabeth and Malta, Monica and Bastos, Francisco I and Brazilian Multicity Study Group on Drug Misuse and others},
  journal={JAIDS Journal of Acquired Immune Deficiency Syndromes},
  volume={57},
  pages={S136--S143},
  year={2011},
  publisher={LWW}
}

@book{levin2017markov,
  title={Markov chains and mixing times},
  author={Levin, David A and Peres, Yuval},
  volume={107},
  year={2017},
  publisher={American Mathematical Soc.}
}

@article{gile2011improved,
  title={Improved inference for respondent-driven sampling data with application to HIV prevalence estimation},
  author={Gile, Krista J},
  journal={Journal of the American Statistical Association},
  volume={106},
  number={493},
  pages={135--146},
  year={2011},
  publisher={Taylor \& Francis}
}

@article{mclaughlin2021bayesian,
  title={A Bayesian framework for modelling the preferential selection process in respondent-driven sampling},
  author={McLaughlin, Katherine R},
  journal={Statistical Modelling},
  pages={1471082X211043945},
  year={2021},
  publisher={SAGE Publications Sage India: New Delhi, India}
}

@article{yauck2021general,
  title={General regression methods for respondent-driven sampling data},
  author={Yauck, Mamadou and Moodie, Erica EM and Apelian, Herak and Fourmigue, Alain and Grace, Daniel and Hart, Trevor and Lambert, Gilles and Cox, Joseph},
  journal={Statistical methods in medical research},
  volume={30},
  number={9},
  pages={2105--2118},
  year={2021},
  publisher={SAGE Publications Sage UK: London, England}
}

@article{ott2019reduced,
  title={Reduced bias for respondent-driven sampling: accounting for non-uniform edge sampling probabilities in people who inject drugs in Mauritius},
  author={Ott, Miles Q and Gile, Krista J and Harrison, Matthew T and Johnston, Lisa G and Hogan, Joseph W},
  journal={Journal of the Royal Statistical Society: Series C (Applied Statistics)},
  volume={68},
  number={5},
  pages={1411--1429},
  year={2019},
  publisher={Wiley Online Library}
}

@article{fellows2019respondent,
  title={Respondent-driven sampling and the homophily configuration graph},
  author={Fellows, Ian E},
  journal={Statistics in medicine},
  volume={38},
  number={1},
  pages={131--150},
  year={2019},
  publisher={Wiley Online Library}
}

@phdthesis{spiller2009regression,
  author      = {Spiller, Michael},
  school      = {Cornell University},
  title       = {Regression modeling of data collected using respondentdriven sampling},
  year        = {2009}
}

@article{gile2015diagnostics,
  title={Diagnostics for respondent-driven sampling},
  author={Gile, Krista J and Johnston, Lisa G and Salganik, Matthew J},
  journal={Journal of the Royal Statistical Society. Series A,(Statistics in Society)},
  volume={178},
  number={1},
  pages={241},
  year={2015},
  publisher={NIH Public Access}
}

@article{salganik2006variance,
  title={Variance estimation, design effects, and sample size calculations for respondent-driven sampling},
  author={Salganik, Matthew J},
  journal={Journal of Urban Health},
  volume={83},
  number={1},
  pages={98},
  year={2006},
  publisher={Springer}
}

@article{baraff2016estimating,
  title={Estimating uncertainty in respondent-driven sampling using a tree bootstrap method},
  author={Baraff, Aaron J and McCormick, Tyler H and Raftery, Adrian E},
  journal={Proceedings of the National Academy of Sciences},
  volume={113},
  number={51},
  pages={14668--14673},
  year={2016},
  publisher={National Acad Sciences}
}

@book{mccullagh2019generalized,
  title={Generalized linear models},
  author={McCullagh, Peter and Nelder, John A},
  year={2019},
  publisher={Routledge}
}

@book{banerjee2003hierarchical,
  title={Hierarchical modeling and analysis for spatial data},
  author={Banerjee, Sudipto and Carlin, Bradley P and Gelfand, Alan E},
  year={2003},
  publisher={Chapman and Hall/CRC}
}

@article{mitchell2021performance,
  title={Performance of SARS-CoV-2 antigen testing in symptomatic and asymptomatic adults: a single-center evaluation},
  author={Mitchell, Stephanie L and Orris, Steven and Freeman, Tanner and Freeman, Megan C and Adam, Michelle and Axe, Meredith and Gribschaw, Jamie and Suyama, Joe and Hoberman, Alejandro and Wells, Alan},
  journal={BMC Infectious Diseases},
  volume={21},
  number={1},
  pages={1--7},
  year={2021},
  publisher={Springer}
}

@article{xie2006measures,
  title={Measures of Bayesian learning and identifiability in hierarchical models},
  author={Xie, Yang and Carlin, Bradley P},
  journal={Journal of Statistical Planning and Inference},
  volume={136},
  number={10},
  pages={3458--3477},
  year={2006},
  publisher={Elsevier}
}

@article{carpenter2017stan,
  title={Stan: A probabilistic programming language},
  author={Carpenter, Bob and Gelman, Andrew and Hoffman, Matthew D and Lee, Daniel and Goodrich, Ben and Betancourt, Michael and Brubaker, Marcus and Guo, Jiqiang and Li, Peter and Riddell, Allen},
  journal={Journal of statistical software},
  volume={76},
  number={1},
  pages={1--32},
  year={2017}
}

@misc{pystan,
  title = {pystan (3.0.0)},
  author = {Riddell, Allen and Hartikainen, Ari and Carter, Matthew},
  year = {2021},
  month = mar,
  howpublished = {PyPI}
}

@article{kuchenhoff1995identification,
  title={The identification of logistic regression models with errors in the variables},
  author={K{\"u}chenhoff, H},
  journal={Statistical Papers},
  volume={36},
  number={1},
  pages={41--47},
  year={1995},
  publisher={Springer}
}

@article{gelfand1999identifiability,
  title={Identifiability, improper priors, and Gibbs sampling for generalized linear models},
  author={Gelfand, Alan E and Sahu, Sujit K},
  journal={Journal of the American Statistical Association},
  volume={94},
  number={445},
  pages={247--253},
  year={1999},
  publisher={Taylor \& Francis}
}

@article{ogle2020ensuring,
  title={Ensuring identifiability in hierarchical mixed effects Bayesian models},
  author={Ogle, Kiona and Barber, Jarrett J},
  journal={Ecological Applications},
  volume={30},
  number={7},
  pages={e02159},
  year={2020},
  publisher={Wiley Online Library}
}

@article{gelman2008scaling,
  title={Scaling regression inputs by dividing by two standard deviations},
  author={Gelman, Andrew},
  journal={Statistics in medicine},
  volume={27},
  number={15},
  pages={2865--2873},
  year={2008},
  publisher={Wiley Online Library}
}

@article{gelman2008weakly,
  title={A weakly informative default prior distribution for logistic and other regression models},
  author={Gelman, Andrew and Jakulin, Aleks and Pittau, Maria Grazia and Su, Yu-Sung},
  journal={The annals of applied statistics},
  volume={2},
  number={4},
  pages={1360--1383},
  year={2008},
  publisher={Institute of Mathematical Statistics}
}

%%%%%%%%%%%%%%%%%%%%%%%%%%%%%%%%%%%%%%%%%%%%%%%%%%%%%%%
%%%%%%%%%%%%%%%%%%%%%%% Websites %%%%%%%%%%%%%%%%%%%%%% 
%%%%%%%%%%%%%%%%%%%%%%%%%%%%%%%%%%%%%%%%%%%%%%%%%%%%%%%

@misc{rstanarm,
	Author = {{Stan Development Team  }},
	Date-Added = {2017-08-07},
	Howpublished = {Rstanarm website},
	Title = {Rstanarm Developer Notes},
	Url = {https://mc-stan.org/rstanarm/dev-notes/index.html},
	Urlaccessdate = {2021-06-16},
	Year = {2021}
  }

@article{statisticat2016laplacesdemon,
  title={LaplacesDemon: A Complete Environment for Bayesian Inference within R},
  author={Statisticat, LLC},
  journal={R Package version},
  volume={17},
  pages={2016},
  year={2016}
}

@article{betancourt2017conceptual,
  title={A conceptual introduction to Hamiltonian Monte Carlo},
  author={Betancourt, Michael},
  journal={arXiv preprint arXiv:1701.02434},
  year={2017}
}

@article{fisher1922mathematical,
  title={On the mathematical foundations of theoretical statistics},
  author={Fisher, Ronald A},
  journal={Philosophical Transactions of the Royal Society of London. Series A, Containing Papers of a Mathematical or Physical Character},
  volume={222},
  number={594-604},
  pages={309--368},
  year={1922},
  publisher={The Royal Society London}
}

@incollection{lehmann2012model,
  title={Model specification: the views of Fisher and Neyman, and later developments},
  author={Lehmann, Eric L},
  booktitle={Selected Works of EL Lehmann},
  pages={955--963},
  year={2012},
  publisher={Springer}
}