@article{goodman1961,
Author = {Leo A. Goodman},
Title = {{Snowball Sampling}},
volume = {32},
journal = {{The Annals of Mathematical Statistics}},
number = {1},
publisher = {Institute of Mathematical Statistics},
pages = {148--170},
Year = {1961},
URL = {https://doi.org/10.1214/aoms/1177705148}
}

@article{gelman2020bayesian,
  title={Bayesian analysis of tests with unknown specificity and sensitivity},
  author={Gelman, Andrew and Carpenter, Bob},
  journal={Journal of the Royal Statistical Society: Series C (Applied Statistics)},
  volume={69},
  number={5},
  pages={1269--1283},
  year={2020},
  publisher={Wiley Online Library}
}

@article{deaux-callaghan1985,
Author = {Edward Deaux and John W. Callaghan},
Title ={Key Informant Versus Self-Report Estimates of Health-Risk Behavior},
journal = {Evaluation Review},
volume = {9},
number = {3},
pages = {365--368},
Year = {1985},
URL = {https://doi.org/10.1177/0193841X8500900308}
}

@article{watters-biernacki1989,
 URL = {http://www.jstor.org/stable/800824},
 Author = {John K. Watters and Patrick Biernacki},
 journal = {Social Problems},
 number = {4},
 pages = {416--430},
 publisher = {Oxford University Press, Society for the Study of Social Problems},
 Title = {Targeted Sampling: Options for the Study of Hidden Populations},
 volume = {36},
 Year = {1989}
}

@article{heckathorn1997,
 Author = {Douglas D. Heckathorn}, 
 URL = {http://www.jstor.org/stable/3096941},
 journal = {Social Problems},
 number = {2},
 pages = {174--199},
 publisher = {[Oxford University Press, Society for the Study of Social Problems]},
 Title = {Respondent-Driven Sampling: A New Approach to the Study of Hidden Populations},
 volume = {44},
 Year = {1997}
}

@article{crawford2016,
Author = {Forrest W. Crawford},
Title ={The Graphical Structure of Respondent-driven Sampling},
journal = {Sociological Methodology},
volume = {46},
number = {1},
pages = {187-211},
Year = {2016},
URL = {https://doi.org/10.1177/0081175016641713}
}

@article{reitsma2005bivariate,
  Title={Bivariate analysis of sensitivity and specificity produces informative summary measures in diagnostic reviews},
  Author={Reitsma, Johannes B and Glas, Afina S and Rutjes, Anne WS and Scholten, Rob JPM and Bossuyt, Patrick M and Zwinderman, Aeilko H},
  journal={Journal of Clinical Epidemiology},
  volume={58},
  number={10},
  pages={982--990},
  Year={2005},
  publisher={Elsevier}
}

@article{heckathorn2002,
  Title={Respondent-driven sampling II: deriving valid population estimates from chain-referral samples of hidden populations},
  Author={Douglas D. Heckathorn},
  journal={Social problems},
  volume={49},
  number={1},
  pages={11--34},
  Year={2002},
  publisher={Oxford University Press}
}

@article{volz2008probability,
  Title={Probability based estimation theory for respondent driven sampling},
  Author={Volz, Erik and Heckathorn, Douglas D.},
  journal={Journal of Official Statistics},
  volume={24},
  number={1},
  pages={79},
  Year={2008},
  publisher={Statistics Sweden (SCB)}
}

@misc{bastos2012binary,
      Title={Binary regression analysis with network structure of respondent-driven sampling data}, 
      Author={Leonardo S. Bastos and Adriana A. Pinho and Claudia Code√ßo and Francisco I. Bastos},
      Year={2012},
      eprint={1206.5681},
      archivePrefix={arXiv},
      primaryClass={stat.AP}
}

@article{rue2009approximate,
  title={Approximate Bayesian inference for latent Gaussian models by using integrated nested Laplace approximations},
  author={Rue, H{\aa}vard and Martino, Sara and Chopin, Nicolas},
  journal={Journal of the Royal Statistical Society: Series B (statistical methodology)},
  volume={71},
  number={2},
  pages={319--392},
  year={2009},
  publisher={Wiley Online Library}
}

@article{crawford2018hidden,
  title={Hidden population size estimation from respondent-driven sampling: a network approach},
  author={Crawford, Forrest W and Wu, Jiacheng and Heimer, Robert},
  journal={Journal of the American Statistical Association},
  volume={113},
  number={522},
  pages={755--766},
  year={2018},
  publisher={Taylor \& Francis}
}

@phdthesis{albuquerque2009avaliaccao,
  title={Avalia{\c{c}}{\~{a}}o da t{\'{e}}cnica de amostragem respondent-driven sampling na estima{\c{c}}{\~{a}}o de preval{\^{e}}ncias de doen{\c{c}}as transmiss{\'{i}}veis em popula{\c{c}}{\~{o}}es organizadas em redes complexas},
  author={Albuquerque, Elizabeth Maciel de and others},
  year={2009},
  school={ENSP}
}

@book{Robert2007,
  title={The {B}ayesian choice: from decision-theoretic foundations to computational implementation},
  author={Robert, Christian},
  year={2007},
  publisher={Springer Science \& Business Media}
}

@article{mcinturff2004modelling,
  title={Modelling risk when binary outcomes are subject to error},
  author={McInturff, Pat and Johnson, Wesley O and Cowling, David and Gardner, Ian A},
  journal={Statistics in medicine},
  volume={23},
  number={7},
  pages={1095--1109},
  year={2004},
  publisher={Wiley Online Library}
}

@article{bennett2020estimating,
  title={Estimating COVID-19 antibody seroprevalence in Santa Clara County, California. A re-analysis of Bendavid et al.},
  author={Bennett, Stephen T and Steyvers, Mark},
  journal={MedRxiv},
  year={2020},
  publisher={Cold Spring Harbor Laboratory Press}
}

@article{olkin2015constructions,
  title={Constructions for a bivariate beta distribution},
  author={Olkin, Ingram and Trikalinos, Thomas A},
  journal={Statistics \& Probability Letters},
  volume={96},
  pages={54--60},
  year={2015},
  publisher={Elsevier}
}

@article{noordzij2010measures,
  title={Measures of disease frequency: prevalence and incidence},
  author={Noordzij, Marlies and Dekker, Friedo W and Zoccali, Carmine and Jager, Kitty J},
  journal={Nephron Clinical Practice},
  volume={115},
  number={1},
  pages={c17--c20},
  year={2010},
  publisher={Karger Publishers}
}

@book{rothman2008modern,
  title={Modern epidemiology},
  author={Rothman, Kenneth J and Greenland, Sander and Lash, Timothy L and others},
  volume={3},
  year={2008},
  publisher={Wolters Kluwer Health/Lippincott Williams \& Wilkins Philadelphia}
}

@article{lin2016dirichlet,
  title={On the dirichlet distribution},
  author={Lin, Jiayu},
  journal={Mater's Report},
  year={2016},
  publisher={Queen's University Kingston Ontario, Canada}
}

@article{brook1964distinction,
  title={On the distinction between the conditional probability and the joint probability approaches in the specification of nearest-neighbour systems},
  author={Brook, D},
  journal={Biometrika},
  volume={51},
  number={3/4},
  pages={481--483},
  year={1964},
  publisher={JSTOR}
}

%%%%%%%%%%%%%%%%%%%%%%%%%%%%%%%%%%%%%%%%%%%%%%%%%%%%%%%
%%%%%%%%%%%%%%%%%%%%%%% Websites %%%%%%%%%%%%%%%%%%%%%% 
%%%%%%%%%%%%%%%%%%%%%%%%%%%%%%%%%%%%%%%%%%%%%%%%%%%%%%%

@misc{rstanarm,
	Author = {{Stan Development Team  }},
	Date-Added = {2017-08-07},
	Howpublished = {Rstanarm website},
	Title = {Rstanarm Developer Notes},
	Url = {https://mc-stan.org/rstanarm/dev-notes/index.html},
	Urlaccessdate = {2021-06-16},
	Year = {2021}
  }

@article{statisticat2016laplacesdemon,
  title={LaplacesDemon: A Complete Environment for Bayesian Inference within R},
  author={Statisticat, LLC},
  journal={R Package version},
  volume={17},
  pages={2016},
  year={2016}
}