@article{goodman1961,
author = {Leo A. Goodman},
title = {{Snowball Sampling}},
volume = {32},
journal = {The Annals of Mathematical Statistics},
number = {1},
publisher = {Institute of Mathematical Statistics},
pages = {148--170},
year = {1961},
URL = {https://doi.org/10.1214/aoms/1177705148}
}

@article{deaux-callaghan1985,
author = {Edward Deaux and John W. Callaghan},
title ={Key Informant Versus Self-Report Estimates of Health-Risk Behavior},
journal = {Evaluation Review},
volume = {9},
number = {3},
pages = {365--368},
year = {1985},
URL = {https://doi.org/10.1177/0193841X8500900308}
}

@article{watters-biernacki1989,
 URL = {http://www.jstor.org/stable/800824},
 author = {John K. Watters and Patrick Biernacki},
 journal = {Social Problems},
 number = {4},
 pages = {416--430},
 publisher = {Oxford University Press, Society for the Study of Social Problems},
 title = {Targeted Sampling: Options for the Study of Hidden Populations},
 volume = {36},
 year = {1989}
}

@article{heckathorn1997,
 author = {Douglas D. Heckathorn}, 
 URL = {http://www.jstor.org/stable/3096941},
 journal = {Social Problems},
 number = {2},
 pages = {174--199},
 publisher = {[Oxford University Press, Society for the Study of Social Problems]},
 title = {Respondent-Driven Sampling: A New Approach to the Study of Hidden Populations},
 volume = {44},
 year = {1997}
}

@article{crawford2016,
author = {Forrest W. Crawford},
title ={The Graphical Structure of Respondent-driven Sampling},
journal = {Sociological Methodology},
volume = {46},
number = {1},
pages = {187-211},
year = {2016},
URL = {https://doi.org/10.1177/0081175016641713}
}

@article{reitsma2005bivariate,
  title={Bivariate analysis of sensitivity and specificity produces informative summary measures in diagnostic reviews},
  author={Reitsma, Johannes B and Glas, Afina S and Rutjes, Anne WS and Scholten, Rob JPM and Bossuyt, Patrick M and Zwinderman, Aeilko H},
  journal={Journal of clinical epidemiology},
  volume={58},
  number={10},
  pages={982--990},
  year={2005},
  publisher={Elsevier}
}

@article{heckathorn2002,
  title={Respondent-driven sampling II: deriving valid population estimates from chain-referral samples of hidden populations},
  Author={Heckathorn, Douglas D},
  journal={Social problems},
  volume={49},
  number={1},
  pages={11--34},
  year={2002},
  publisher={Oxford University Press}
}

@article{volz2008probability,
  title={Probability based estimation theory for respondent driven sampling},
  author={Volz, Erik and Heckathorn, Douglas D},
  journal={Journal of official statistics},
  volume={24},
  number={1},
  pages={79},
  year={2008},
  publisher={Statistics Sweden (SCB)}
}

@misc{bastos2012binary,
      title={Binary regression analysis with network structure of respondent-driven sampling data}, 
      author={Leonardo S. Bastos and Adriana A. Pinho and Claudia Code√ßo and Francisco I. Bastos},
      year={2012},
      eprint={1206.5681},
      archivePrefix={arXiv},
      primaryClass={stat.AP}
}